2642 2642
73 224 1602 1995 Sie, bitte, den herzlichsten Dank für ihre lieben Zeilen, und namentlich die guten Worte, die sie mir künstlerisch sagt. Ich gehöre eben zu den Naturen, die, immer unzufrieden mit sich, nie zu einem frohen Vertrauen zu sich kommen, und so ist mir als Künstlerin sowohl, wie als Mensch, ein gutes Wort oft nöthig, natürlich doppelt anregend und beglückend, kommt es von Menschen, die mir in jeder Hinsicht hoch stehen. Ihre Tante schreibt mir, dass Sie ständig arbeiten – darf man wissen, was? greift das Schreiben Ihren Arm nicht an?

131 2192 1559 368 Wie geht es Ihren verehrten Eltern? zum Soldaten wird man Sie doch nicht nehmen,
